@book{squid_guide,
    title={{Mr SQUID User's Guide}},
    author={Randy W. Simon and Michael J. Burns and Mark S. Colclough and Greg Zaharchuk and Robin Cantor},
    publisher={{Star Cryoelectronics}},
    year={2012},
    edition={{6.6}},
}